@inproceedings{miller2000learning,
  title={Learning from one example through shared densities on transforms},
  author={Miller, Erik G and Matsakis, Nicholas E and Viola, Paul A},
  booktitle={Computer Vision and Pattern Recognition, 2000. Proceedings. IEEE Conference on},
  volume={1},
  pages={464--471},
  year={2000},
  organization={IEEE}
}

@inproceedings{ruslan,
	title={Learning to share visual appearance for multiclass object detection},
	author={Salakhutdinov, Ruslan and Torralba, Antonio and Tenenbaum, Josh},
	booktitle={Computer Vision and Pattern Recognition (CVPR), 2011 IEEE Conference on},
	pages={1481--1488},
	year={2011},
	organization={IEEE}
}

@article{ruslan2,
	title={Learning with hierarchical-deep models},
	author={Salakhutdinov, Ruslan and Tenenbaum, Joshua B and Torralba, Antonio},
	journal={Pattern Analysis and Machine Intelligence, IEEE Transactions on},
	volume={35},
	number={8},
	pages={1958--1971},
	year={2013},
	publisher={IEEE}
}

@inproceedings{semantic,
	title={Semantic hierarchies for visual object recognition},
	author={Marszalek, Marcin and Schmid, Cordelia},
	booktitle={Computer Vision and Pattern Recognition, 2007. CVPR'07. IEEE Conference on},
	pages={1--7},
	year={2007},
	organization={IEEE}
}

@inproceedings{deepnet,
  title={Imagenet classification with deep convolutional neural networks},
  author={Krizhevsky, Alex and Sutskever, Ilya and Hinton, Geoffrey E},
  booktitle={Advances in neural information processing systems},
  pages={1097--1105},
  year={2012}
}

@article{transfersurvey,
  title={A survey on transfer learning},
  author={Pan, Sinno Jialin and Yang, Qiang},
  journal={Knowledge and Data Engineering, IEEE Transactions on},
  volume={22},
  number={10},
  pages={1345--1359},
  year={2010},
  publisher={IEEE}
}

@inproceedings{imagenet,
  title={Imagenet: A large-scale hierarchical image database},
  author={Deng, Jia and Dong, Wei and Socher, Richard and Li, Li-Jia and Li, Kai and Fei-Fei, Li},
  booktitle={Computer Vision and Pattern Recognition, 2009. CVPR 2009. IEEE Conference on},
  pages={248--255},
  year={2009},
  organization={IEEE}
}

@incollection{priori,
  title={Localizing objects while learning their appearance},
  author={Deselaers, Thomas and Alexe, Bogdan and Ferrari, Vittorio},
  booktitle={Computer Vision--ECCV 2010},
  pages={452--466},
  year={2010},
  publisher={Springer}
}

@book{wordnet,
	title={WordNet},
	author={Fellbaum, Christiane},
	year={1998},
	publisher={Wiley Online Library}
}

@inproceedings{sivic,
	title={Unsupervised discovery of visual object class hierarchies},
	author={Sivic, Josef and Russell, Bryan C and Zisserman, Andrew and Freeman, William T and Efros, Alexei A},
	booktitle={Computer Vision and Pattern Recognition, 2008. CVPR 2008. IEEE Conference on},
	pages={1--8},
	year={2008},
	organization={IEEE}
}

@inproceedings{transfer22,
	title={Transfer learning for image classification with sparse prototype representations},
	author={Quattoni, Ariadna and Collins, Michael and Darrell, Trevor},
	booktitle={Computer Vision and Pattern Recognition, 2008. CVPR 2008. IEEE Conference on},
	pages={1--8},
	year={2008},
	organization={IEEE}
}

@inproceedings{semi,
	title={Semi-supervised learning in gigantic image collections},
	author={Fergus, Rob and Weiss, Yair and Torralba, Antonio},
	booktitle={Advances in neural information processing systems},
	pages={522--530},
	year={2009}
}

@inproceedings{whentransfer,
	title={To transfer or not to transfer},
	author={Rosenstein, Michael T and Marx, Zvika and Kaelbling, Leslie Pack and Dietterich, Thomas G},
	booktitle={NIPS 2005 Workshop on Transfer Learning},
	volume={898},
	year={2005}
}

@inproceedings{hoggles,
  title={Hoggles: Visualizing object detection features},
  author={Vondrick, Carl and Khosla, Aditya and Malisiewicz, Tomasz and Torralba, Antonio},
  booktitle={Computer Vision (ICCV), 2013 IEEE International Conference on},
  pages={1--8},
  year={2013},
  organization={IEEE}
}

@INPROCEEDINGS{hog,
    author = {Navneet Dalal and Bill Triggs},
    title = {Histograms of Oriented Gradients for Human Detection},
    booktitle = {In CVPR},
    year = {2005},
    pages = {886--893}
}

@misc{website:sourceCode,
	title = "Hierarchical classification source code",
	month = "December",
	year = "2014",
	note = {Available at \url {https://github.com/anurag6892/HierarchicalClassification}}

}

@misc{dataSet,
	title = "Fine Grained challenge",
    month = "November",
	year = "2013",
	note = {Available at \url {https://sites.google.com/site/fgcomp2013/}}
}

@article{hlda,
  title={Hierarchical topic models and the nested Chinese restaurant process},
  author={Griffiths, DMBTL and Tenenbaum, MIJJB},
  journal={Advances in neural information processing systems},
  volume={16},
  pages={17},
  year={2004}
}

@article{nestedCRP,
  title={The nested chinese restaurant process and bayesian nonparametric inference of topic hierarchies},
  author={Blei, David M and Griffiths, Thomas L and Jordan, Michael I},
  journal={Journal of the ACM (JACM)},
  volume={57},
  number={2},
  pages={7},
  year={2010},
  publisher={ACM}
}